<?xml version="1.0" encoding="UTF-8"?><collection xmlns="http://www.loc.gov/MARC21/slim"><record><leader>00412nam--2200157-i-4500</leader><controlfield tag="001">000006508</controlfield><controlfield tag="002">20161230</controlfield><controlfield tag="005">20170209235545</controlfield><controlfield tag="008">060222s1000------------r-----000-0-eng-d</controlfield><datafield ind1=" " ind2=" " tag="100"><subfield code="a">Davis, F. W</subfield></datafield><datafield ind1=" " ind2=" " tag="245"><subfield code="a">Welding problems in nuclear construction</subfield></datafield><datafield ind1=" " ind2=" " tag="260"><subfield code="a">Vienna</subfield><subfield code="b">Intern.Atomic Energy Agency</subfield><subfield code="c">1961</subfield></datafield><datafield ind1=" " ind2=" " tag="300"><subfield code="a">79 p</subfield></datafield><datafield ind1=" " ind2=" " tag="490"><subfield code="a">Review Series</subfield></datafield><datafield ind1=" " ind2=" " tag="700"><subfield code="a">La Velle, E. B</subfield></datafield><datafield ind1=" " ind2=" " tag="CAT"><subfield code="a">SYS</subfield><subfield code="c">20170209</subfield><subfield code="h">235545</subfield></datafield></record></collection>